@article{brainr,
  title={brainR: Interactive 3 and 4d Images of High Resolution Neuroimage Data},
  author={Muschelli III, John},
  year={2014},
  journal={R Journal},
  volume={6},
  number={1}
}


@UNPUBLISHED{eloyan_ms,
  author = {Eloyan, A. and Shou, H. and Shinohara, R.T. and Sweeney, E.M. and
	Nebel, M.B. and Cuzzocreo, J.L. and Reich, D.S. and Lindquist, M.A.
	and Crainiceanu, C.M.},
  title = {Health effects of lesion localization in multiple sclerosis: Spatial
	registration and confounding adjustment.},
  note = {submitted},
  owner = {johnmuschelli},
  timestamp = {2014.06.06}
}